@INPROCEEDINGS{1, 
author={P. A. D. Oliveira and E. P. Lotto and A. G. D. Correa and L. G. G. Taboada and L. C. P. Costa and R. D. Lopes}, 
booktitle={2015 14th Brazilian Symposium on Computer Games and Digital Entertainment (SBGames)}, 
title={Virtual Stage: An Immersive Musical Game for People with Visual Impairment}, 
year={2015}, 
pages={135-141}, 
doi={10.1109/SBGames.2015.26}, 
month={Nov},}

@INPROCEEDINGS{2, 
author={S. Ohtsuka and N. Sasaki and S. Hasegawa and T. Harakawa}, 
booktitle={2007 First IEEE International Workshop on Digital Game and Intelligent Toy Enhanced Learning (DIGITEL'07)}, 
title={A New Game Device Using Body-Braille for Visually Impaired People}, 
year={2007}, 
pages={197-199}, 
doi={10.1109/DIGITEL.2007.5}, 
month={March},}

@article{3,
author = {Stroustrup, Bjarne},
doi = {10.1145/1629175.1629192},
journal = {Communications of the ACM},
month = {jan},
number = {1},
pages = {40},
title = {{What should we teach new software developers? Why?}},
url = {http://portal.acm.org/citation.cfm?doid=1629175.1629192},
volume = {53},
year = {2010}
}

@misc{4,
author = {id Software},
year = 1996, 
title = {{Quake}},
howpublished = "[video game, Linux]",
publisher = {GT Interactive},
}

@article{5,
author = {Atkinson, Matthew T and Machin, Colin H C},
journal = {Sandbox Symposium},
title = {{Making the Mainstream Accessible: Redefining the Game}},
year = {2006}
}

@misc{6,
author= {Atkinson, M.T. and Gucukoglu, S},
year = {2003 - 2012}, 
title = {AGRIP Project},
url = { http://agrip.org.uk},
accessed = { March, 12, 2017},
}

@INPROCEEDINGS{8, 
author={S. Ohtsuka and N. Sasaki and Y. Fukunaga}, 
booktitle={The 1st IEEE Global Conference on Consumer Electronics 2012}, 
title={A vibration watch using a mobile phone for visually impaired people}, 
year={2012}, 
pages={316-317},  
doi={10.1109/GCCE.2012.6379613}, 
ISSN={2378-8143}, 
month={Oct},}

@INPROCEEDINGS{9, 
author={J. B. Marshall and G. Tyson and J. Llanos and R. M. Sanchez and F. B. Marshall}, 
booktitle={2015 17th International Conference on E-health Networking, Application Services (HealthCom)}, 
title={Serious 3D gaming research for the vision impaired}, 
year={2015}, 
pages={468-471}, 
doi={10.1109/HealthCom.2015.7454547}, 
month={Oct},}

@INPROCEEDINGS{10, 
author={S. T. Frezza}, 
booktitle={2016 IEEE Frontiers in Education Conference (FIE)}, 
title={Issues in student valuing of software engineering best practices}, 
year={2016}, 
pages={1-4}, 
doi={10.1109/FIE.2016.7757556}, 
month={Oct},}

@INPROCEEDINGS{11, 
author={M. Matsuo and T. Miura and M. Sakajiri and J. Onishi and T. Ono}, 
booktitle={2016 IEEE International Conference on Systems, Man, and Cybernetics (SMC)}, 
title={ShadowRine: Accessible game for blind users, and accessible action RPG for visually impaired gamers}, 
year={2016}, 
doi={10.1109/SMC.2016.7844667}, 
month={Oct},}

@inproceedings{12,
author = {De Branco, Rodrigo Goncalves and Cagnin, Maria Istela and Paiva, Debora Maria Barroso},
booktitle = {Proceedings - 14th International Conference on Computational Science and Its Applications, ICCSA 2014},
doi = {10.1109/ICCSA.2014.51},
isbn = {9781479942640},
pages = {225--228},
title = {{AccTrace: Accessibility in phases of requirements engineering, design, and coding software}},
year = {2014}
}

@inproceedings{13,
author = {McPheron, Drew},
booktitle = {2015 Computer Games: AI, Animation, Mobile, Multimedia, Educational and Serious Games (CGAMES)},
doi = {10.1109/CGames.2015.7272966},
isbn = {978-1-4673-7921-2},
month = {jul},
pages = {107--111},
publisher = {IEEE},
title = {{Video gaming accessibility}},
url = {http://ieeexplore.ieee.org/document/7272966/},
year = {2015}
}

@article{14,
author = {Bierre, Kevin and Chetwynd, Jonathan and Ellis, Barrie and Hinn, D Michelle and Ludi, Stephanie and Westin, Thomas},
title = {Game Not Over: Accessibility Issues in Video Games},
booktitle={International Game Developers Association},
year={2005},
}

}

@article{15,
author = {Nganji, Julius T. and Nggada, Shawulu H.},
issn = {17389984},
journal = {International Journal of Software Engineering and its Applications},
keywords = {Accessibility,Disability,Disabled people,Methodologies,Requirements,Software engineering,Specifications,Usability,User sensitive inclusive design},
title = {Disability-aware software engineering for improved system accessibility and usability},
year = {2011},
}

@INPROCEEDINGS{16, 
 author={C. G. Bernardo and A. Mori and T. R. C. Orlandi and C. G. Duque}, 
 booktitle={2016 1st International Conference on Technology and Innovation in Sports, Health and Wellbeing (TISHW)}, 
 title={Multimodality by electronic games as assistive technology for visual disabilities}, 
 year={2016}, 
 pages={1-8}, 
 doi={10.1109/TISHW.2016.7847790}, 
 month={Dec},}

@INPROCEEDINGS{17,
author={P. Sherman},
title={Cost-justifying accessibility},
year={2001},
howpublished={Online}, 
booktitle={Austin Usability},
}

@INPROCEEDINGS{18, 
author={H. J. Park and S. B. Kim}, 
booktitle={2013 International Conference on Information Science and Applications (ICISA)}, 
title={Guidelines of Serious Game Accessibility for the Disabled}, 
year={2013}, 
pages={1-3}, 
doi={10.1109/ICISA.2013.6579380}, 
ISSN={2162-9048}, 
month={June},
}

@article{19,
author = {Archambault, Dominique and Ossmann, Roland and Gaudy, Thomas and Miesenberger, Klaus},
issn = {1684-5285},
journal = {Upgrade},
mendeley-groups = {Software Essay},
year = {November 2006},
pages = {1--21},
title = {{Computer games and visually impaired people}},
url = {http://cedric.cnam.fr/PUBLIS/RC1204.pdf},
year = {2007}
}

@INPROCEEDINGS{20,
author={R.G.Bias and D.J.Mayhew},
title={Cost-Justifying Usability},
year={1994},
booktitle={Boston: Academic Press},
}


